@article{ravasco2012technology,
  title   = {Technology-aided cheating in open and distance e-learning},
  author  = {Ravasco, Gerard Guanlao},
  journal = {Asian journal of distance education},
  volume  = {10},
  number  = {2},
  pages   = {71--77},
  year    = {2012}
}

@article{berkey2015cheating,
  title     = {Cheating, Student Authentication and Proctoring in Online Programs.},
  author    = {Berkey, Dennis and Halfond, Jay},
  journal   = {New England Journal of Higher Education},
  year      = {2015},
  publisher = {ERIC}
}

@article{arnold2016cheating,
  title     = {Cheating at online formative tests: Does it pay off?},
  author    = {Arnold, Ivo JM},
  journal   = {The Internet and Higher Education},
  volume    = {29},
  pages     = {98--106},
  year      = {2016},
  publisher = {Elsevier}
}

@article{corrigan2015deterring,
  title     = {Deterring cheating in online environments},
  author    = {Corrigan-Gibbs, Henry and Gupta, Nakull and Northcutt, Curtis and Cutrell, Edward and Thies, William},
  journal   = {ACM Transactions on Computer-Human Interaction (TOCHI)},
  volume    = {22},
  number    = {6},
  pages     = {1--23},
  year      = {2015},
  publisher = {ACM New York, NY, USA}
}

@article{de2015calculated,
  title   = {Calculated questions and e-cheating: A case study},
  author  = {de Sande, Juan Carlos Gonz{\'a}lez},
  journal = {Education Applications \& Developments Advances in Education and Educational Trends Series},
  volume  = {2},
  number  = {3},
  pages   = {91--99},
  year    = {2015}
}

@article{northcutt2016detecting,
  title     = {Detecting and preventing "multiple-account" cheating in massive open online courses},
  author    = {Northcutt, Curtis G and Ho, Andrew D and Chuang, Isaac L},
  journal   = {Computers \& Education},
  volume    = {100},
  pages     = {71--80},
  year      = {2016},
  publisher = {Elsevier}
}

@article{labayen2014smowl,
  title   = {Smowl: a tool for continuous student validation based on face recognition for online learning},
  author  = {Labayen, Mikel and Vea, Ricardo and Fl{\'o}rez, Juli{\'a}n and Guill{\'e}n-G{\'a}mez, Francisco D and Garc{\'\i}a-Magari{\~n}o, Iv{\'a}n},
  journal = {Edulearn14 Proceedings},
  pages   = {5354--5359},
  year    = {2014}
}

@article{daffin2018comparing,
  title     = {Comparing Student Performance on Proctored and Non-Proctored Exams in Online Psychology Courses.},
  author    = {Daffin Jr, Lee William and Jones, Ashley A},
  journal   = {Online Learning},
  volume    = {22},
  number    = {1},
  pages     = {131--145},
  year      = {2018},
  publisher = {ERIC}
}

@misc{sietses2016white,
  title     = {White Paper Online Proctoring. Questions and answers about remote proctoring},
  author    = {Sietses, Lex},
  year      = {2016},
  publisher = {SURFnet. Retrieved from https://www. surf. nl/files/2019-04/whitepaper~â€¦}
}

@article{weiner2017comparative,
  title   = {A comparative study of online remote proctored versus onsite proctored high-stakes exams},
  author  = {Weiner, John A and Hurtz, Gregory M},
  journal = {Journal of Applied Testing Technology},
  volume  = {18},
  number  = {1},
  pages   = {13--20},
  year    = {2017}
}

@article{teh2013reducing,
  title     = {Reducing the prevalence of plagiarism: A model for staff, students and universities},
  author    = {Teh, Eng Choo and Paull, Megan},
  journal   = {Issues in Educational Research},
  volume    = {23},
  number    = {2},
  pages     = {283--298},
  year      = {2013},
  publisher = {Institutes for Educational Research}
}

@online{quieta2020plagiarism,
  title   = {How plagiarism detection software helps uphold academic integrity},
  author  = {Quieta, Racquel},
  year    = {2020},
  url     = {https://www.gmanetwork.com/entertainment/celebritylife/news/66589/how-plagiarism-detection-software-helps-uphold-academic-integrity/story},
  urldata = {2020-02-03}
}

@article{liu2009comparative,
  title     = {A comparative study on e-learning technologies and products: from the East to the West},
  author    = {Liu, Yanping and Wang, Hong},
  journal   = {Systems Research and Behavioral Science: The Official Journal of the International Federation for Systems Research},
  volume    = {26},
  number    = {2},
  pages     = {191--209},
  year      = {2009},
  publisher = {Wiley Online Library}
}

@online{abernathy2020elearning,
  title   = {What is E-Learning?},
  author  = {Abernathy, Donna J},
  year    = {2020},
  url     = {https://e-student.org/what-is-e-learning/},
  urldata = {2020-12-21}
}

@techreport{dela2015massive,
  title  = {Massive Open Online Courses: A Primer for Philippine State Universities and Colleges},
  author = {Dela Cruz, Leonardo and others},
  year   = {2015}
}

@article{karim2014cheating,
  title     = {Cheating, reactions, and performance in remotely proctored testing: An exploratory experimental study},
  author    = {Karim, Michael N and Kaminsky, Samuel E and Behrend, Tara S},
  journal   = {Journal of Business and Psychology},
  volume    = {29},
  number    = {4},
  pages     = {555--572},
  year      = {2014},
  publisher = {Springer}
}

@article{atoum2017automated,
  title     = {Automated online exam proctoring},
  author    = {Atoum, Yousef and Chen, Liping and Liu, Alex X and Hsu, Stephen DH and Liu, Xiaoming},
  journal   = {IEEE Transactions on Multimedia},
  volume    = {19},
  number    = {7},
  pages     = {1609--1624},
  year      = {2017},
  publisher = {IEEE}
}

@inproceedings{chen2020learning,
  title     = {Learning to cheat: quantifying changes in score advantage of unproctored assessments over time},
  author    = {Chen, Binglin and Azad, Sushmita and Fowler, Max and West, Matthew and Zilles, Craig},
  booktitle = {Proceedings of the Seventh ACM Conference on Learning@ Scale},
  pages     = {197--206},
  year      = {2020}
}

@article{finchilescu2018perceptions,
  title     = {Perceptions of Academic dishonesty in a South African university: A Q-Methodology approach},
  author    = {Finchilescu, Gillian and Cooper, Adam},
  journal   = {Ethics \& Behavior},
  volume    = {28},
  number    = {4},
  pages     = {284--301},
  year      = {2018},
  publisher = {Taylor \& Francis}
}

@article{norris2019university,
  title     = {University Online Cheating--How to Mitigate the Damage.},
  author    = {Norris, Mark},
  journal   = {Research in Higher Education Journal},
  volume    = {37},
  year      = {2019},
  publisher = {ERIC}
}

@article{golden2020addressing,
  title     = {Addressing cheating when using test bank questions in online classes},
  author    = {Golden, Joanna and Kohlbeck, Mark},
  journal   = {Journal of Accounting Education},
  volume    = {52},
  pages     = {100671},
  year      = {2020},
  publisher = {Elsevier}
}
